<?xml version="1.0" encoding="UTF-8"?><record xmlns="http://www.loc.gov/MARC21/slim" xmlns:cinclude="http://apache.org/cocoon/include/1.0" xmlns:zs="http://www.loc.gov/zing/srw/">
  <leader>00637cz  a2200169n  4500</leader>
  <controlfield tag="001">nr2005004944</controlfield>
  <controlfield tag="003">DLC</controlfield>
  <controlfield tag="005">20081026082955.0</controlfield>
  <controlfield tag="008">050218n| acannaabn          |b aaa      </controlfield>
  <datafield tag="010" ind1=" " ind2=" ">
    <subfield code="a">nr2005004944</subfield>
  </datafield>
  <datafield tag="035" ind1=" " ind2=" ">
    <subfield code="a">(OCoLC)oca06566764</subfield>
  </datafield>
  <datafield tag="040" ind1=" " ind2=" ">
    <subfield code="a">DLC-R</subfield>
    <subfield code="b">eng</subfield>
    <subfield code="c">DLC-R</subfield>
    <subfield code="d">OCoLC</subfield>
  </datafield>
  <datafield tag="100" ind1="1" ind2=" ">
    <subfield code="a">Yorozuya, Susumu,</subfield>
    <subfield code="d">1931-</subfield>
  </datafield>
  <datafield tag="400" ind1="1" ind2=" ">
    <subfield code="a">萬谷迪,</subfield>
    <subfield code="d">1931-</subfield>
  </datafield>
  <datafield tag="667" ind1=" " ind2=" ">
    <subfield code="a">Machine-derived non-Latin script reference project.</subfield>
  </datafield>
  <datafield tag="667" ind1=" " ind2=" ">
    <subfield code="a">Non-Latin script reference not evaluated.</subfield>
  </datafield>
  <datafield tag="670" ind1=" " ind2=" ">
    <subfield code="a">Sekai kaihatsu to nanboku mondai, 2004:</subfield>
    <subfield code="b">t.p. (Yorozuya Susumu) colophon (r; b. 1931; 1954 grad. Tōhoku Daigaku Keizai Gakubu; 2002 prof. emerit., Sapporo Daigaku)</subfield>
  </datafield>
</record>